
@book{dorr_aerofax_1987,
	title = {Aerofax Minigraph 12, Saab J35 Draken},
	isbn = {0-942548-17-5},
	language = {English},
	publisher = {Aerofax Inc.},
	author = {Dorr, Robert and Francillon, Rene and Miller, Jay},
	year = {1987}
}