
@misc{database,
	title = {Draken {J}35 {Aerodynamic} database},
	url = {http://fdl8.flyg.kth.se/j35/section_2.3/diagram285.jpg},
	author = {{SAAB}}
}
