
@book{dorr_aerofax_1987,
	title = {Aerofax {Minigraph} 12, {Saab} {J}35 {Draken}},
	isbn = {0-942548-17-5},
	language = {English},
	publisher = {Aerofax Inc.},
	author = {Dorr, Robert and Francillon, Rene and Miller, Jay},
	year = {1987}
}

@book{etkin_dynamics_1972,
	address = {Toronto, Canada},
	title = {Dynamics of {Atmospheric} {Flight}},
	isbn = {0-471-24620-4},
	language = {English},
	publisher = {John Wiley \& Sons, Inc},
	author = {Etkin, Bernanrd},
	year = {1972},
	note = {00000}
}