
@misc{riseofDraken,
	title = {Rise of the {Draken} ‹ {HistoricWings}.com :: {A} {Magazine} for {Aviators}, {Pilots} and {Adventurers}},
	shorttitle = {Rise of the {Draken} ‹ {HistoricWings}.com},
	url = {http://fly.historicwings.com/2012/10/rise-of-the-draken/},
	urldate = {2015-03-07},
	author = {HW},
	note = {00000},
	file = {Snapshot:/Users/nick/Library/Application Support/Zotero/Profiles/jdhioce3.default/zotero/storage/JICP9GD7/rise-of-the-draken.html:text/html}
}
